@misc{sdfe_dhm_2020,
	title = {{DHM} product specification v1.0.0},
	language = {en},
	author = {SDFE},
	year = {2020},
        url = {https://dataforsyningen.dk/asset/PDF/produkt_dokumentation/dhm-prodspec-v1.0.0.pdf},
        urldate = {6 april 2025},
}
@article{Jepsen_levin_2013,
	title = {Semantically based reclassification of {Danish} land-use and land-cover information},
	volume = {27},
	issn = {1365-8816},
	url = {https://doi.org/10.1080/13658816.2013.803555},
	doi = {10.1080/13658816.2013.803555},
	number = {12},
	journal = {International Journal of Geographical Information Science},
	author = {Jepsen, Martin Rudbeck and Levin, Gregor},
	month = dec,
	year = {2013},
	keywords = {classification, data harmonization, land cover, land use},
	pages = {2375--2390},
}
@article{levin_basemap04_2022,
	title = {Basemap04. {Documentation} of the data and method for the elaboration of a land use and land cover map for {Denmark}},
	language = {en},
	author = {Levin, Gregor},
	year = {2022},
	url = {https://dce2.au.dk/pub/TR252.pdf},
	urldate = {27 marts 2025},
}
@article{balstrom_kirby_inundation,
	title = {A {GIS}-based {Screening} {Workflow} for {Coastal} {Storm} {Surge} {Impact} {Assessments} and {Mitigation} {Action} {Consideration}},
	volume = {38},
	issn = {0749-0208},
	doi = {10.2112},
	url = {https://doi.org/10.2112/JCOASTRES-D-21-00097.1},
	number = {4},
	journal = {Journal of Coastal Research},
	author = {Balstrøm, Thomas and Kirby, Jordan},
	month = jul,
	year = {2022},
	pages = {712--724},
}
@misc{DHMLinje,
	title = {{GeoDanmarkSpec6}.0.{2DK} - 3.9.2 {DHMLinje}},
	url = {https://www.geodanmark.nu/Spec6/HTML5/DK/Spec602DK-ALT%20UPLOAD/StartHer.htm#GEDS6-DK/3.9.2%20DHMLinje.htm?TocPath=3.9%2520DHMTilpasningslag%257C_____2},
	urldate = {23 april 2025},
	author = {{GeoDanmark}},
	file = {GeoDanmarkSpec6.0.2DK - 3.9.2 DHMLinje:C\:\\Users\\joha4\\Zotero\\storage\\6EKDJ6H5\\StartHer.html:text/html},
}

@misc{DHM_Hestesko,
	title = {{GeoDanmarkSpec6}.0.{2DK} - 3.9.1 {DHMHestesko}},
	url = {https://www.geodanmark.nu/Spec6/HTML5/DK/Spec602DK-ALT%20UPLOAD/StartHer.htm#GEDS6-DK/3.9.1%20DHMHestesko.htm?TocPath=3.9%2520DHMTilpasningslag%257C_____1},
	urldate = {23 april 2025},
	author = {{GeoDanmark}},
	file = {GeoDanmarkSpec6.0.2DK - 3.9.1 DHMHestesko:C\:\\Users\\joha4\\Zotero\\storage\\U4KZHG6M\\StartHer.html:text/html},
}
@misc{GeoDanmark_HydroLag,
	title = {Det hydrologiske tilpasningslag},
	url = {https://www.geodanmark.dk/projekt/det-hydrologiske-tilpasningslag/},
	language = {da-DK},
	urldate = {23 april 2025},
	journal = {geodanmark},
	author = {{GeoDanmark}},
	file = {Snapshot:C\:\\Users\\joha4\\Zotero\\storage\\9U9SAG4T\\det-hydrologiske-tilpasningslag.html:text/html},
}
@misc{dmi_vejrarkiv,
	title = {Vejrarkiv},
	url = {https://www.dmi.dk/vejrarkiv},
	abstract = {Her finder du målinger (på time-, døgn-, måned- og årsbasis) for temperatur, luftfugtighed, lufttryk, vind, nedbør, sol, tørkeindeks samt lyn og snedybde.},
	language = {da-DK},
	urldate = {31 marts 2025},
	author = {{DMI}},
	file = {Snapshot:C\:\\Users\\joha4\\Zotero\\storage\\7E3NAG7C\\vejrarkiv.html:text/html},
}

@misc{dmi_open_data,
	title = {Oceanographic {Observation} {Data} and {Tide} water predictions},
	url = {https://opendatadocs.dmi.govcloud.dk/en/Data/Oceanographic_Observation_Data},
	language = {en},
	urldate = {21 februar 2025},
	journal = {DMI Open Data},
	author = {{DMI Open Data}},
	file = {Snapshot:C\:\\Users\\joha4\\Zotero\\storage\\9BL9JR8V\\Oceanographic_Observation_Data.html:text/html},
}
@misc{cowi_praesto_2025,
	title = {Præstø {By} {Kystbeskyttelse} - {Ideoplæg}},
	copyright = {COWI A/S - All rights reserved},
	publisher = {COWI A/S},
	author = {{COWI}},
	year = {2025},
}
@misc{klimadatastyrelsen_landpolygon,
	title = {Topografisk landpolygon},
	url = {https://dataforsyningen.dk/data/4826},
	language = {da-DK},
	urldate = {4 april 2025},
	author = {Klimadatastyrelsen},
	file = {Snapshot:C\:\\Users\\joha4\\Zotero\\storage\\HTRVEX6F\\4826.html:text/html},
}

@misc{stormflod_lex,
	title = {stormflod},
	url = {https://lex.dk/stormflod},
	language = {da},
	urldate = {4 april 2025},
	journal = {Lex},
	author = {Tønnesen, Claus and Buch, Erik and Bucharth, Hans Falk and Theilgaard, Jesper},
	month = oct,
	year = {2024},
	file = {Snapshot:C\:\\Users\\joha4\\Zotero\\storage\\YTQ5IM6M\\stormflod.html:text/html},
}

@book{ipcc_report_AR6,
	edition = {1},
	title = {Climate {Change} 2022 – {Impacts}, {Adaptation} and {Vulnerability}: {Working} {Group} {II} {Contribution} to the {Sixth} {Assessment} {Report} of the {Intergovernmental} {Panel} on {Climate} {Change}},
	copyright = {https://www.cambridge.org/core/terms},
	isbn = {978-1-00-932584-4},
	shorttitle = {Climate {Change} 2022 – {Impacts}, {Adaptation} and {Vulnerability}},
	url = {https://www.cambridge.org/core/product/identifier/9781009325844/type/book},
	language = {en},
	urldate = {10 april 2025},
	publisher = {Cambridge University Press},
	author = {{Intergovernmental Panel On Climate Change (IPCC)}},
	month = jun,
	year = {2022},
	doi = {10.1017/9781009325844},
	file = {IPCC_AR6_WGII_FullReport.pdf:C\:\\Users\\joha4\\Zotero\\storage\\UAKU9UQL\\IPCC_AR6_WGII_FullReport.pdf:application/pdf},
}

@article{cappelen_dmi_2020,
	title = {{DMI} rapport 20-07 {Storm} og ekstrem vind i {Danmark} - opgørelser og analyser til og med 2019},
	language = {da},
	journal = {Danmarks Meteorologiske Institut},
	author = {Cappelen, John},
	year = {2020},
	file = {Cappelen - DMI rapport 20-07 Storm og ekstrem vind i Danmark .pdf:C\:\\Users\\joha4\\Zotero\\storage\\QISYLV5H\\Cappelen - DMI rapport 20-07 Storm og ekstrem vind i Danmark .pdf:application/pdf},
}
@misc{noaa_storm,
	title = {Storm {Surge}},
	url = {https://oceanservice.noaa.gov/facts/stormsurge-stormtide.html},
	language = {EN-US},
	urldate = {25 april 2025},
	author = {NOAA},
	file = {Snapshot:C\:\\Users\\joha4\\Zotero\\storage\\6VWKKM6N\\stormsurge-stormtide.html:text/html},
}

@misc{kystdirektoratet_stormfloder,
	title = {Hvordan opstår stormflod},
	url = {https://kyst.dk/klimatilpasning/stormflod-og-beredskab/hvordan-opstaar-stormflod},
	abstract = {Højvande opstår i forbindelse med kraftig vind. Sammenhængen mellem kraftig vind og højvande er imidlertid forskellig afhængig af, hvor man er i Danmark. Fører højvandet til oversvømmelse, kaldes det stormflod.},
	language = {da-DK},
	urldate = {5 april 2025},
	journal = {Kystdirektoratet},
	author = {{Kystdirektoratet}},
	file = {Snapshot:C\:\\Users\\joha4\\Zotero\\storage\\ZKQLNDHN\\hvordan-opstaar-stormflod.html:text/html},
}

@book{shoreline_management_guidelines,
	address = {Hørsholm},
	edition = {4},
	title = {Shoreline {Management} {Guidelines}},
	copyright = {DHI},
	isbn = {978-87-90634-04-9},
	url = {https://www.dhigroup.com/upload/campaigns/ShorelineManagementGuidelines_Feb2017.pdf},
	urldate = {28 april 2025},
	publisher = {Dansk Hydraulisk Institut},
	author = {Mangor, Karsten and Drønen, Nils K. and Kærgaard, Kasper H. and Kristensen, Sten E.},
	year = {2017},
	file = {ShorelineManagementGuidelines_Feb2017.pdf:C\:\\Users\\Johan\\Zotero\\storage\\9E8R6377\\ShorelineManagementGuidelines_Feb2017.pdf:application/pdf},
}

@misc{egusphere_baltic,
	title = {Recent {Baltic} {Sea} {Storm} {Surge} {Events} {From} {A} {Climate} {Perspective}},
	copyright = {https://creativecommons.org/licenses/by/4.0/},
	url = {https://doi.org/10.5194/egusphere-2024-2664},
	doi = {10.5194/egusphere-2024-2664},
	language = {en},
	author = {Groll, Nikolaus and Gaslikova, Lidia and Weisse, Ralf},
	month = sep,
	year = {2024},
	file = {Groll m.fl. - 2024 - Recent Baltic Sea Storm Surge Events From A Climat.pdf:C\:\\Users\\Johan\\Zotero\\storage\\F6C3M98E\\Groll m.fl. - 2024 - Recent Baltic Sea Storm Surge Events From A Climat.pdf:application/pdf},
}

@misc{NASA_tool,
	title = {{IPCC} {AR6} {Sea} {Level} {Projection} {Tool}},
	url = {https://sealevel.nasa.gov/ipcc-ar6-sea-level-projection-tool},
	author = {NASA},
	urldate = {29 april 2025},
	journal = {NASA Sea Level Change Portal},
	file = {Snapshot:C\:\\Users\\joha4\\Zotero\\storage\\DKAKPGGW\\ipcc-ar6-sea-level-projection-tool.html:text/html},
}
@misc{esri_raster,
	title = {What is raster data?—{ArcMap} {\textbar} {Documentation}},
	url = {https://desktop.arcgis.com/en/arcmap/latest/manage-data/raster-and-images/what-is-raster-data.htm},
	urldate = {29 april 2025},
	author = {{ESRI}},
	year = {2021},
	file = {What is raster data?—ArcMap | Documentation:C\:\\Users\\joha4\\Zotero\\storage\\UGXJ3V75\\what-is-raster-data.html:text/html},
}
@book{bolstad_gis_2022,
	address = {White Bear Lake, Minnesota},
	edition = {7},
	title = {{GIS} {Fundamentals} - {A} {First} {Text} on {Geographic} {Information} {Systems}},
	isbn = {978-0-9717647-5-0},
	publisher = {Eider Press},
	author = {Bolstad, Paul and Manson, Steven},
	year = {2022},
}

@article{silbernagel_raster_2018,
    title = {Raster {Geographic} {Data} {Model}},
    url = {https://wisc.pb.unizin.org/maps/chapter/lesson-1/},
    language = {en},
    urldate = {29 april 2025},
    journal = {University of Wisconsin},
    author = {Silbernagel, Janet},
    month = nov,
    year = {2018},
}


@book{longley_geographical_2008,
    address = {Chichester},
    edition = {4},
    title = {Geographical {Information} {Systems} and {Science}},
    isbn = {978-0-470-87001-3 978-0-470-87000-6},
    language = {eng},
    publisher = {Wiley},
    author = {Longley, Paul A. and Goodchild, Michael F. and Maguire, David J. and Rhind, David W.},
    year = {2015},
}

@misc{met_office_storm_2023,
    title = {Storm {Babet}},
    url = {https://www.metoffice.gov.uk/binaries/content/assets/metofficegovuk/pdf/weather/learn-about/uk-past-events/interesting/2023/2023_08_storm_babet.pdf},
    urldate = {30 april 2025},
    journal = {Meteorological Office of the United Kingdom},
    author = {{Met Office}},
    year = {2023},
}
@misc{kystdirektoratet_stormflod2023,
    title = {Stormfloden oktober 2023},
    url = {https://kyst.dk/klimatilpasning/stormflod-og-beredskab/stormfloden-oktober-2023},
    abstract = {Hvad skal der egentlig til, før en storm kaldes en stormflod?},
    language = {da-DK},
    urldate = {1 maj 2025},
    journal = {Kystdirektoratet},
    author = {{Kystdirektoratet}},
}
@misc{damberg_vaerste_2023,
    title = {Værste stormflod længe},
    url = {https://www.dmi.dk/nyheder/2023/varste-stormflod-lange},
    abstract = {Læs om den værste stormflod i Indre danske farvande i over 100 år. Vandstanden steg til over to meter over daglige vande flere steder i sydlige Lillebælt..},
    language = {da-DK},
    urldate = {27 april 2025},
    journal = {DMI},
    author = {Damberg, Herdis Preil},
    year = {2023},
}
@misc{naturskaderadet_anmeldelser_2023,
    title = {Naturskaderådet: {Over} 1900 anmeldte stormflodsskader},
    shorttitle = {Naturskaderådet},
    url = {https://naturskaderaadet.dk/nyheder/stormraadet/pressemeddelelser/20231025-naturskaderaadet-over-1900-anmeldte-stormflodsskader},
    abstract = {Mange danskere har anmeldt skader efter stormflod i Naturskadebasen, hvor samtlige anmeldelser samles. Konkurrence- og Forbrugerstyrelsen, der er sekretariat for Naturskaderådet, guider her til, hvad du skal gøre, hvis du er ramt.},
    language = {da},
    urldate = {1 maj 2025},
    author = {{Naturskaderådet}},
    month = oct,
    year = {2023},
}
@article{kiesel_brief_2024,
    title = {Brief communication: {From} modelling to reality – flood modelling gaps highlighted by a recent severe storm surge event along the {German} {Baltic} {Sea} coast},
    volume = {24},
    issn = {1561-8633},
    url = {https://doi.org/10.5194/nhess-24-3841-2024},
    doi = {10.5194/nhess-24-3841-2024},
    language = {English},
    number = {11},
    journal = {Natural Hazards and Earth System Sciences},
    author = {Kiesel, Joshua and Wolff, Claudia and Lorenz, Marvin},
    month = nov,
    year = {2024},
    pages = {3841--3849},
}


@article{weisse_sea_2021,
    title = {Sea level dynamics and coastal erosion in the {Baltic} {Sea} region},
    volume = {12},
    issn = {2190-4979},
    url = {https://doi.org/10.5194/esd-12-871-2021},
    doi = {10.5194/esd-12-871-2021},
    language = {English},
    number = {3},
    journal = {Earth System Dynamics},
    author = {Weisse, Ralf and Dailidienė, Inga and Hünicke, Birgit and Kahma, Kimmo and Madsen, Kristine and Omstedt, Anders and Parnell, Kevin and Schöne, Tilo and Soomere, Tarmo and Zhang, Wenyan and Zorita, Eduardo},
    month = aug,
    year = {2021},
    pages = {871--898},
}
@article{khosh_bin_ghomash_technical_2024,
    title = {Technical {Note}: {Influence} of building representation in flood hydrodynamic modelling: the case of the 2021 {Ahr} valley flood},
    shorttitle = {Technical {Note}},
    url = {https://doi.org/10.5194/hess-2024-314},
    doi = {10.5194/hess-2024-314},
    language = {English},
    journal = {Hydrology and Earth System Sciences Discussions},
    author = {Khosh Bin Ghomash, Shahin and Devi Nallasamy, Nithila and Apel, Heiko},
    month = dec,
    year = {2024},
    pages = {1--19},
}
@article{balstrom_identification_2024,
    title = {The {Identification} of {Flood}-{Prone} {Areas} in {Accra}, {Ghana} {Using} a {Hydrological} {Screening} {Method}},
    volume = {5},
    copyright = {http://creativecommons.org/licenses/by/3.0/},
    issn = {2624-795X},
    url = {https://doi.org/10.3390/geohazards5030038},
    doi = {10.3390/geohazards5030038},
    language = {en},
    number = {3},
    journal = {GeoHazards},
    author = {Balstrøm, Thomas and Hasholt, Bent and Allotey, Albert N. M. and Gyekye, Prince Martin},
    month = sep,
    year = {2024},
    keywords = {Arc-Malstrøm, flood modelling, hydro-conditioned DTM, stormwater management, transportation, trash barrier, urban hydrology, urbanization},
    pages = {755--779},
}
@misc{esri_how_nodate,
    title = {How distance accumulation works—{ArcGIS} {Pro} {\textbar} {Documentation}},
    url = {https://pro.arcgis.com/en/pro-app/latest/tool-reference/spatial-analyst/how-distance-accumulation-works.htm},
    urldate = {8 maj 2025},
    author = {{ESRI}},
}
@misc{danmarks_statistisk_mobile_nodate,
    title = {The {Mobile} {Statbank} - {Your} selection},
    url = {https://m.statbank.dk/Data?lang=en},
    urldate = {9 maj 2025},
    author = {{Danmarks Statistisk}},
}
@misc{aabenraa_havn_aabenraa-havn-talogfakta2022_2022,
    title = {Aabenraa-{Havn}-{Tal og Fakta 2022}},
    url = {https://www.aabenraahavn.dk/wp-content/uploads/2022/10/Aabenraa-Havn-TalogFakta2022_epaper.pdf},
    urldate = {9 maj 2025},
    author = {{Aabenraa Havn}},
    year = {2022},
}
@misc{tiirikainen_sadan_2023,
    title = {Sådan påvirkes trafikken af stormen},
    url = {https://www.tv2east.dk/vordingborg/saadan-paavirkes-trafikken-af-stormen},
    language = {da},
    urldate = {9 maj 2025},
    journal = {TV2 ØST},
    author = {Tiirikainen, Morten},
    month = oct,
    year = {2023},
}
@misc{uldall_sluseport_2023,
    title = {Sluseport i {Præstø} brudt sammen},
    url = {https://www.dr.dk/nyheder/vejret/sluseport-i-praestoe-brudt-sammen},
    abstract = {De lokale myndigheder arbejder på at holde vandet tilbage ved Præstø fjord.},
    language = {da-DK},
    urldate = {14 maj 2025},
    journal = {DR},
    author = {Uldall, Rosa},
    month = oct,
    year = {2023},
}
@misc{esri_tabulate_nodate,
    title = {Tabulate {Area} ({Spatial} {Analyst})—{ArcGIS} {Pro} {\textbar} {Documentation}},
    url = {https://pro.arcgis.com/en/pro-app/latest/tool-reference/spatial-analyst/tabulate-area.htm},
    urldate = {15 maj 2025},
    author = {{ESRI}},
}
@misc{dmi_data_2025,
    title = {Data i {Klimaatlas}},
    url = {https://www.dmi.dk/klima-atlas/data-i-klimaatlas?paramtype=sea&maptype=kyst},
    abstract = {I Klimaatlas finder du data om Danmarks forventede fremtidige klima frem til år 2100.},
    language = {da-DK},
    urldate = {15 maj 2025},
    author = {{DMI}},
    year = {2025},
}
@misc{garner_ipcc_2021,
    title = {{IPCC} {Assessment Report 6} {Sea} {Level} {Projections}},
    url = {https://doi.org/10.5281/zenodo.6382554},
    doi = {10.5281/zenodo.6382554},
    publisher = {Zenodo},
    author = {Garner, G. G. and Hermans, T. and Kopp, R. E. and Slangen, A. B. A. and Edwards, T. L. and Levermann, A. and Nowicki, S. and Palmer, M. D. and Smith, C. and Fox-Kemper, B. and Hewitt, H. T. and Xiao, C. and Aðalgeirsdóttir, G. and Drijfhout, S. S. and Golledge, N. R. and Hemer, M. and Krinner, G. and Mix, A. and Notz, D. and Nurhati, I. S. and Ruiz, L. and Sallée, J-B. and Yu, Y. and Hua, L. and Palmer, T. and Pearson, B.},
    month = aug,
    year = {2021},
    keywords = {Intergovernmental Panel on Climate Change, climate, projections, sea level},
}
@misc{danish_meteorological_institute_dmi_2024,
    title = {{DMI} {Klimaatlas} v2024b - {Fremskrivninger} af det danske klima ({Projections} of climate indicators in {Denmark})},
    copyright = {Creative Commons Attribution 4.0 International},
    url = {https://doi.org/10.5281/ZENODO.1375302},
    doi = {10.5281/ZENODO.13753022},
    language = {en},
    publisher = {Zenodo},
    author = {{DMI}},
    month = nov,
    year = {2024},
}
@article{bales_sources_2009,
    title = {Sources of uncertainty in flood inundation maps},
    volume = {2},
    copyright = {© 2009 The Authors. Journal Compilation © 2009 Blackwell Publishing Ltd},
    issn = {1753-318X},
    url = {https://doi.org/10.1111/j.1753-318X.2009.01029.x},
    doi = {10.1111/j.1753-318X.2009.01029.x},
    language = {en},
    number = {2},
    journal = {Journal of Flood Risk Management},
    author = {Bales, J.d. and Wagner, C.r.},
    year = {2009},
    keywords = {Flood inundation mapping, floods, hydraulic modelling, uncertainty},
    pages = {139--147},
}
@article{seenath_effects_2018,
    title = {Effects of {DEM} {Resolution} on {Modeling} {Coastal} {Flood} {Vulnerability}},
    volume = {41},
    issn = {0149-0419, 1521-060X},
    url = {https://doi.org/10.1080/01490419.2018.1504838},
    doi = {10.1080/01490419.2018.1504838},
    language = {en},
    number = {6},
    journal = {Marine Geodesy},
    author = {Seenath, Avidesh},
    month = nov,
    year = {2018},
    pages = {581--604},
}
@article{piecuch_high-tide_2022,
    title = {High-{Tide} {Floods} and {Storm} {Surges} {During} {Atmospheric} {Rivers} on the {US} {West} {Coast}},
    volume = {49},
    copyright = {© 2022. The Authors.},
    issn = {1944-8007},
    url = {https://doi.org/10.1029/2021GL096820},
    doi = {10.1029/2021GL096820},
    language = {en},
    number = {2},
    journal = {Geophysical Research Letters},
    author = {Piecuch, Christopher G. and Coats, Sloan and Dangendorf, Sönke and Landerer, Felix W. and Reager, J. T. and Thompson, Philip R. and Wahl, Thomas},
    year = {2022},
    keywords = {atmospheric rivers, coastal hazards, coastal impacts, high-tide flooding, sea level, storm surge},
    pages = {e2021GL096820},
}
@article{kaniewski_solar_2016,
    title = {Solar pacing of storm surges, coastal flooding and agricultural losses in the {Central} {Mediterranean}},
    volume = {6},
    copyright = {2016 The Author(s)},
    issn = {2045-2322},
    url = {https://doi.org/10.1038/srep25197},
    doi = {10.1038/srep25197},
    language = {en},
    number = {1},
    journal = {Scientific Reports},
    author = {Kaniewski, David and Marriner, Nick and Morhange, Christophe and Faivre, Sanja and Otto, Thierry and Van Campo, Elise},
    month = apr,
    year = {2016},
    keywords = {Natural hazards, Palaeoecology},
    pages = {25197},
}
@article{hallegatte_future_2013,
    title = {Future flood losses in major coastal cities},
    volume = {3},
    copyright = {2013 Springer Nature Limited},
    issn = {1758-6798},
    url = {https://doi.org/10.1038/nclimate1979},
    doi = {10.1038/nclimate1979},
    language = {en},
    number = {9},
    journal = {Nature Climate Change},
    author = {Hallegatte, Stephane and Green, Colin and Nicholls, Robert J. and Corfee-Morlot, Jan},
    month = sep,
    year = {2013},
    keywords = {Climate change, Climate-change adaptation, Climate-change impacts},
    pages = {802--806},
}
@article{marsooli_climate_2019,
    title = {Climate change exacerbates hurricane flood hazards along {US} {Atlantic} and {Gulf} {Coasts} in spatially varying patterns},
    volume = {10},
    copyright = {2019 The Author(s)},
    issn = {2041-1723},
    url = {https://doi.org/10.1038/s41467-019-11755-z},
    doi = {10.1038/s41467-019-11755-z},
    number = {1},
    journal = {Nature Communications},
    author = {Marsooli, Reza and Lin, Ning and Emanuel, Kerry and Feng, Kairui},
    month = aug,
    year = {2019},
    keywords = {Atmospheric dynamics, Climate and Earth system modelling, Natural hazards, Physical oceanography},
    pages = {3785},
}
@article{lane_health_2013,
    title = {Health {Effects} of {Coastal} {Storms} and {Flooding} in {Urban} {Areas}: {A} {Review} and {Vulnerability} {Assessment}},
    volume = {2013},
    issn = {1687-9805},
    shorttitle = {Health {Effects} of {Coastal} {Storms} and {Flooding} in {Urban} {Areas}},
    url = {https://doi.org/10.1155/2013/913064},
    doi = {10.1155/2013/913064},
    journal = {Journal of Environmental and Public Health},
    author = {Lane, Kathryn and Charles-Guzman, Kizzy and Wheeler, Katherine and Abid, Zaynah and Graber, Nathan and Matte, Thomas},
    year = {2013},
    pmid = {23818911},
    pmcid = {PMC3683478},
    pages = {913064},
}
@article{massey_history_2007,
    title = {History of {Coastal} {Inundation} {Models}},
    volume = {41},
    url = {https://doi.org/10.4031/002533207787442303},
    doi = {10.4031/002533207787442303},
    number = {1},
    journal = {Marine Technology Society Journal},
    author = {Massey, William G. and Gangai, Jeffrey W. and Drei-Horgan, Elena and Slover, Kevin J.},
    month = mar,
    year = {2007},
    pages = {7--17},
}
@article{tadesse_database_2021,
    title = {A database of global storm surge reconstructions},
    volume = {8},
    copyright = {2021 The Author(s)},
    issn = {2052-4463},
    url = {https://doi.org/10.1038/s41597-021-00906-x},
    doi = {10.1038/s41597-021-00906-x},
    language = {en},
    number = {1},
    journal = {Scientific Data},
    author = {Tadesse, Michael Getachew and Wahl, Thomas},
    month = may,
    year = {2021},
    note = {Publisher: Nature Publishing Group},
    keywords = {Natural hazards, Physical oceanography},
    pages = {125},
}
@misc{dhi_mike_2024,
    title = {{MIKE} 21-3 {\textbar} {Coast} and {Marine} {Water} {Modelling} {Software}},
    url = {https://www.dhigroup.com/technologies/mikepoweredbydhi/mike-21-3},
    language = {en},
    urldate = {21 maj 2025},
    journal = {Dansk Hydraulisk Institut},
    author = {{DHI}},
    month = apr,
    year = {2024},
}
@article{leijnse_modeling_2021,
    title = {Modeling compound flooding in coastal systems using a computationally efficient reduced-physics solver: {Including} fluvial, pluvial, tidal, wind- and wave-driven processes},
    volume = {163},
    issn = {0378-3839},
    url = {https://doi.org/10.1016/j.coastaleng.2020.103796},
    doi = {10.1016/j.coastaleng.2020.103796},
    journal = {Coastal Engineering},
    author = {Leijnse, Tim and van Ormondt, Maarten and Nederhoff, Kees and van Dongeren, Ap},
    month = jan,
    year = {2021},
    keywords = {Compound flooding, Flooding, Reduced-physics solver, SFINCS, Tropical cyclones, Wave-driven flooding},
    pages = {103796},
}
@misc{adcirc_introduction_nodate,
    title = {Introduction - {ADCIRC}},
    url = {https://adcirc.org/home/documentation/users-manual-v50/introduction/},
    abstract = {Coastal Circulation and Transport Lab, CCAT Lab, ccatlab, Dr. Rick Luettich, UNC Hurricane Expert},
    language = {en-US},
    urldate = {2025-05-29},
    author = {{ADCIRC}},
}
@article{dang_dataset_2024,
    title = {A dataset of storm surge reconstructions in the {Western} {North} {Pacific} using {CNN}},
    volume = {11},
    issn = {2052-4463},
    url = {https://doi.org/10.1038/s41597-024-03249-5},
    doi = {10.1038/s41597-024-03249-5},
    journal = {Scientific Data},
    author = {Dang, Wen and Feng, Jianlong and Li, Delei and Fan, Mengzhen and Zhao, Liang},
    year = {2024},
    pmid = {38649677},
    pmcid = {PMC11035666},
    pages = {405},
}
@article{williams_geographic_2022,
    title = {Geographic information system data considerations in the context of the enhanced bathtub model for coastal inundation},
    volume = {26},
    copyright = {© 2022 John Wiley \& Sons Ltd.},
    issn = {1467-9671},
    url = {https://doi.org/10.1111/tgis.12995},
    doi = {10.1111/tgis.12995},
    language = {en},
    number = {7},
    journal = {Transactions in GIS},
    author = {Williams, Lauren Lyn and Lück-Vogel, Melanie},
    year = {2022},
    pages = {3074--3089},
}
@article{poulter_raster_2008,
    title = {Raster modelling of coastal flooding from sea‐level rise},
    volume = {22},
    issn = {1365-8816},
    url = {https://doi.org/10.1080/13658810701371858},
    doi = {10.1080/13658810701371858},
    number = {2},
    journal = {International Journal of Geographical Information Science},
    author = {Poulter, B. and Halpin, P. N.},
    month = feb,
    year = {2008},
    keywords = {Coastal flooding, Connectivity, Horizontal resolution, Lidar, North Carolina, Sea‐level rise},
    pages = {167--182},
}
@article{li_delineating_2014,
    title = {Delineating {Sea} {Level} {Rise} {Inundation} {Using} a {Graph} {Traversal} {Algorithm}},
    volume = {37},
    issn = {0149-0419},
    url = {https://doi.org/10.1080/01490419.2014.902884},
    doi = {10.1080/01490419.2014.902884},
    number = {2},
    journal = {Marine Geodesy},
    author = {Li, Xingong and Grady, C. J. and Peterson, A. Townsend},
    month = apr,
    year = {2014},
    keywords = {Dijkstra, GIS, binary heap, cost distance},
    pages = {267--281},
}
@article{reible_hurricane_2007,
    title = {Hurricane {Katrina}: {Environmental} {Hazards} in the {Disaster} {Area}},
    volume = {9},
    url = {https://www.huduser.gov/periodicals/cityscpe/vol9num3/ch3.pdf},
    language = {en},
    number = {3},
    urldate = {24 maj 2025},
    journal = {Cityscape: A Journal of Policy Development and Research},
    author = {Reible, Danny},
    year = {2007},
}
@article{prahl_damage_2018,
    title = {Damage and protection cost curves for coastal floods within the 600 largest {European} cities},
    volume = {5},
    issn = {2052-4463},
    url = {https://doi.org/10.1038/sdata.2018.34},
    doi = {10.1038/sdata.2018.34},
    journal = {Scientific Data},
    author = {Prahl, Boris F. and Boettle, Markus and Costa, Luís and Kropp, Jürgen P. and Rybski, Diego},
    month = mar,
    year = {2018},
    pmid = {29557944},
    pmcid = {PMC5859879},
    pages = {180034},
}
@article{dedekorkut-howes_when_2020,
    title = {When the tide gets high: a review of adaptive responses to sea level rise and coastal flooding},
    volume = {63},
    issn = {0964-0568},
    url = {https://doi.org/10.1080/09640568.2019.1708709},
    doi = {10.1080/09640568.2019.1708709},
    number = {12},
    journal = {Journal of Environmental Planning and Management},
    author = {Dedekorkut-Howes, Ayşın and Torabi, Elnaz and Howes, Michael},
    month = oct,
    year = {2020},
    keywords = {climate adaptation, ecosystem-based responses, integrated approaches, planned retreat, strategies and measures},
    pages = {2102--2143},
}
@techreport{erhvervsministeriet_fremtidige_nodate,
    title = {De {Fremtidige} {Stormflods}-, {Oversvømmelses}- og {Stormfaldsordninger}},
    url = {https://www.ft.dk/samling/20161/almdel/UL%C3%98/bilag/100/1738562.pdf},
    year = {2017},
    urldate = {22 maj 2025},
    author = {{Erhvervsministeriet}},
}
@misc{dmi_ny_nodate,
    title = {Ny vejledning til udledningsscenarier styrker grundlag for klimatilpasning i {Danmark}},
    url = {https://www.dmi.dk/nyheder/2025/ny-vejledning-til-udledningsscenarier-styrker-grundlag-for-klimatilpasning-i-danmark},
    abstract = {Nationalt Center for Klimaforskning (NCKF) har i dag opdateret vejledning i anvendelse af SSP udledningsscenarier til klimatilpasning.},
    language = {da-DK},
    urldate = {2025-06-02},
    author = {{DMI}},
}